<record><leader>00000cas a22000007a 4500</leader><controlfield tag="001">30604208</controlfield><controlfield tag="008">940614d191019uuncuwr ne      0    0eng d</controlfield><datafield ind1=" " ind2=" " tag="010"><subfield code="a">sn 94058209 </subfield></datafield><datafield ind1=" " ind2=" " tag="040"><subfield code="a">NVJ</subfield><subfield code="b">eng</subfield><subfield code="c">NVJ</subfield><subfield code="d">OCLCQ</subfield></datafield><datafield ind1=" " ind2=" " tag="042"><subfield code="a">msc</subfield></datafield><datafield ind1="0" ind2="4" tag="245"><subfield code="a">The Carolina home and farm and the eastern reflector.</subfield></datafield><datafield ind1="3" ind2="0" tag="246"><subfield code="a">Eastern reflector</subfield></datafield><datafield ind1=" " ind2=" " tag="260"><subfield code="a">Greenvile [i.e. Greenville], N.C. :</subfield><subfield code="b">Reflector Co.</subfield></datafield><datafield ind1=" " ind2=" " tag="300"><subfield code="a">v.</subfield></datafield><datafield ind1=" " ind2=" " tag="310"><subfield code="a">Weekly</subfield></datafield><datafield ind1="0" ind2=" " tag="362"><subfield code="a">Vol. 31, no. 30 (Aug. 12, 1910)-</subfield></datafield><datafield ind1=" " ind2=" " tag="580"><subfield code="a">Daily ed.: Daily reflector, (Greenville, N.C.), 1894-</subfield></datafield><datafield ind1=" " ind2=" " tag="752"><subfield code="a">United States</subfield><subfield code="b">North Carolina</subfield><subfield code="c">Pitt</subfield><subfield code="d">Greenville.</subfield></datafield><datafield ind1="1" ind2=" " tag="775"><subfield code="t">Daily reflector (Greenville, N.C.)</subfield><subfield code="w">(DLC)sn 86063817</subfield></datafield><datafield ind1="0" ind2="0" tag="780"><subfield code="t">Eastern reflector</subfield><subfield code="w">(DLC)sn 93065761</subfield></datafield></record>